@article{foster2018research,
  doi = {10.1177/0002716217742610},
	url = {https://doi.org/10.1177%2F0002716217742610},
	year = 2017,
	publisher = {{SAGE} Publications},
	volume = {675},
	number = {1},
	pages = {102--120},
	author = {Ian Foster},
	title = {Research Infrastructure for the Safe Analysis of Sensitive Data},
	journal = {The {ANNALS} of the American Academy of Political and Social Science}
}

@article {perignon2019certify,
	author = {P{\'e}rignon, Christophe and Gadouche, Kamel and Hurlin, Christophe and Silberman, Roxane and Debonnel, Eric},
	title = {Certify reproducibility with confidential data},
	volume = {365},
	number = {6449},
	pages = {127--128},
	year = {2019},
	doi = {10.1126/science.aaw2825},
	publisher = {American Association for the Advancement of Science},
	issn = {0036-8075},
	url = {https://science.sciencemag.org/content/365/6449/127},
	eprint = {https://science.sciencemag.org/content/365/6449/127.full.pdf},
	journal = {Science}
}

@article{darch2017ethical,
  doi = {10.1016/j.lisr.2017.11.008},
	url = {https://doi.org/10.1016%2Fj.lisr.2017.11.008},
	year = 2017,
	publisher = {Elsevier {BV}},
	volume = {39},
	number = {4},
	pages = {295--302},
	author = {Peter T. Darch and Emily J.M. Knox},
	title = {Ethical perspectives on data and software sharing in the sciences: A research agenda},
	journal = {Library {\&} Information Science Research}
}

@article{kuhn2016decentralized,
  doi = {10.7717/peerj-cs.78},
	url = {https://doi.org/10.7717%2Fpeerj-cs.78},
	year = 2016,
	publisher = {{PeerJ}},
	volume = {2},
	pages = {e78},
	author = {Tobias Kuhn and Christine Chichester and Michael Krauthammer and N{\'{u}}ria Queralt-Rosinach and Ruben Verborgh and George Giannakopoulos and Axel-Cyrille Ngonga Ngomo and Raffaele Viglianti and Michel Dumontier},
	title = {Decentralized provenance-aware publishing with nanopublications},
	journal = {{PeerJ} Computer Science}
}

@article{konkol2019creating,
  doi = {10.1145/3331158},
	url = {https://doi.org/10.1145%2F3331158},
	year = 2019,
	publisher = {Association for Computing Machinery ({ACM})},
	volume = {3},
	number = {{EICS}},
	pages = {1--18},
	author = {Markus Konkol and Christian Kray and Jan Suleiman},
	title = {Creating Interactive Scientific Publications using Bindings},
	journal = {Proceedings of the {ACM} on Human-Computer Interaction}
}

@article {Nosek1422,
	author = {Nosek, B. A. and Alter, G. and Banks, G. C. and Borsboom, D. and Bowman, S. D. and Breckler, S. J. and Buck, S. and Chambers, C. D. and Chin, G. and Christensen, G. and Contestabile, M. and Dafoe, A. and Eich, E. and Freese, J. and Glennerster, R. and Goroff, D. and Green, D. P. and Hesse, B. and Humphreys, M. and Ishiyama, J. and Karlan, D. and Kraut, A. and Lupia, A. and Mabry, P. and Madon, T. and Malhotra, N. and Mayo-Wilson, E. and McNutt, M. and Miguel, E. and Paluck, E. Levy and Simonsohn, U. and Soderberg, C. and Spellman, B. A. and Turitto, J. and VandenBos, G. and Vazire, S. and Wagenmakers, E. J. and Wilson, R. and Yarkoni, T.},
	title = {Promoting an open research culture},
	volume = {348},
	number = {6242},
	pages = {1422--1425},
	year = {2015},
	doi = {10.1126/science.aab2374},
	publisher = {American Association for the Advancement of Science},
	issn = {0036-8075},
	URL = {https://science.sciencemag.org/content/348/6242/1422},
	eprint = {https://science.sciencemag.org/content/348/6242/1422.full.pdf},
	journal = {Science}
}

@article{stodden2008legal,
  doi = {10.1109/mcse.2009.19},
	url = {https://doi.org/10.1109%2Fmcse.2009.19},
	year = 2009,
	publisher = {Institute of Electrical and Electronics Engineers ({IEEE})},
	volume = {11},
	number = {1},
	pages = {35--40},
	author = {Victoria Stodden},
	title = {The Legal Framework for Reproducible Scientific Research: Licensing and Copyright},
	journal = {Computing in Science {\&} Engineering}
}

@article{munafo2017manifesto,
  doi= {10.1038/s41562-016-0021},
  url= {https://doi.org/10.1038/s41562-016-0021},
  title={A manifesto for reproducible science},
  author={Munaf{\`o}, Marcus R and Nosek, Brian A and Bishop, Dorothy VM and Button, Katherine S and Chambers, Christopher D and Du Sert, Nathalie Percie and Simonsohn, Uri and Wagenmakers, Eric-Jan and Ware, Jennifer J and Ioannidis, John PA},
  journal={Nature human behaviour},
  volume={1},
  number={1},
  pages={0021},
  year={2017},
  publisher={Nature Publishing Group}
}

@article{brinckman2019computing,
  doi = {10.1016/j.future.2017.12.029},
	url = {https://doi.org/10.1016%2Fj.future.2017.12.029},
	year = 2019,
	publisher = {Elsevier {BV}},
	volume = {94},
	pages = {854--867},
	author = {Adam Brinckman and Kyle Chard and Niall Gaffney and Mihael Hategan and Matthew B. Jones and Kacper Kowalik and Sivakumar Kulasekaran and Bertram Lud?scher and Bryce D. Mecum and Jarek Nabrzyski and Victoria Stodden and Ian J. Taylor and Matthew J. Turk and Kandace Turner},
	title = {Computing environments for reproducibility: Capturing the {\textquotedblleft}Whole Tale{\textquotedblright}},
	journal = {Future Generation Computer Systems}
}

@article{steeves2018using,
  doi = {10.29173/iq18},
	url = {https://doi.org/10.29173%2Fiq18},
	year = 2017,
	publisher = {University of Alberta Libraries},
	volume = {42},
	number = {1},
	pages = {14},
	author = {Vicky Steeves and R{\'{e}}mi Rampin and Fernando Chirigati},
	title = {Using {ReproZip} for Reproducibility and Library Services},
	journal = {{IASSIST} Quarterly}
}

@inproceedings{vsimko2019reana,
  doi = {10.1051/epjconf/201921406034},
	url = {https://doi.org/10.1051%2Fepjconf%2F201921406034},
	year = 2019,
	publisher = {{EDP} Sciences},
	volume = {214},
	pages = {06034},
	author = {Tibor {\v{S}}imko and Lukas Heinrich and Harri Hirvonsalo and Dinos Kousidis and Diego Rodr{\'{\i}}guez},
	editor = {A. Forti and L. Betev and M. Litmaath and O. Smirnova and P. Hristov},
	title = {{REANA}: A System for Reusable Research Data Analyses},
	journal = {{EPJ} Web of Conferences}
}

@software{nust_daniel2018,
  author       = {Nüst, Daniel},
  title        = {{Reproducibility Service for Executable Research Compendia: Technical Specifications and Reference Implementation}},
  month        = dec,
  year         = 2018,
  note         = {{This record contains multiple software projects as source code and container images. See respective LICENSE files for specific licensing conditions.}},
  publisher    = {Zenodo},
  version      = {1.0.0},
  doi          = {10.5281/zenodo.2203844},
  url          = {https://doi.org/10.5281/zenodo.2203844}
}

@article{nust2017opening,
  doi = {10.1045/january2017-nuest},
	url = {https://doi.org/10.1045%2Fjanuary2017-nuest},
	year = 2017,
	publisher = {{CNRI} Acct},
	volume = {23},
	number = {1/2},
	author = {Daniel Nüst and Markus Konkol and Edzer Pebesma and Christian Kray and Marc Schutzeichel and Holger Przibytzin and Jörg Lorenz},
	title = {Opening the Publication Process with Executable Research Compendia},
	journal = {D-Lib Magazine}
}

@article{himmelstein2019open,
  doi = {10.1371/journal.pcbi.1007128},
	url = {https://doi.org/10.1371%2Fjournal.pcbi.1007128},
	year = 2019,
	publisher = {Public Library of Science ({PLoS})},
	volume = {15},
	number = {6},
	pages = {e1007128},
	author = {Daniel S. Himmelstein and Vincent Rubinetti and David R. Slochower and Dongbo Hu and Venkat S. Malladi and Casey S. Greene and Anthony Gitter},
	editor = {Dina Schneidman-Duhovny},
	title = {Open collaborative writing with Manubot},
	journal = {{PLOS} Computational Biology}
}

@article{gruning2017jupyter,
  doi = {10.1371/journal.pcbi.1005425},
	url = {https://doi.org/10.1371%2Fjournal.pcbi.1005425},
	year = 2017,
	publisher = {Public Library of Science ({PLoS})},
	volume = {13},
	number = {5},
	pages = {e1005425},
	author = {Björn A. Grüning and Eric Rasche and Boris Rebolledo-Jaramillo and Carl Eberhard and Torsten Houwaart and John Chilton and Nate Coraor and Rolf Backofen and James Taylor and Anton Nekrutenko},
	editor = {Francis Ouellette},
	title = {Jupyter and Galaxy: Easing entry barriers into complex data analyses for biomedical researchers},
	journal = {{PLOS} Computational Biology}
}

@article{goecks2010galaxy,
  doi = {10.1186/gb-2010-11-8-r86},
	url = {https://doi.org/10.1186%2Fgb-2010-11-8-r86},
	year = 2010,
	publisher = {Springer Nature},
	volume = {11},
	number = {8},
	pages = {R86},
	author = {Jeremy Goecks and Anton Nekrutenko and James Taylor and The Galaxy Team},
	title = {Galaxy: a comprehensive approach for supporting accessible, reproducible, and transparent computational research in the life sciences},
	journal = {Genome Biology}
}

@article{clyburne2019computational,
  doi = {10.15626/MP.2018.892},
	url = {https://doi.org/10.15626/MP.2018.892},
	year = 2019,
	volume = {3},
	pages = {1--9},
	publisher = {Center for Open Science},
	author = {April Clyburne-Sherin and Xu Fei and Seth Ariel Green},
	title = {Computational Reproducibility via Containers in Social Psychology},
	journal = {Meta-Psychology}
}

@inproceedings{jupyter2018binder,
  doi = {10.25080/majora-4af1f417-011},
	url = {https://doi.org/10.25080%2Fmajora-4af1f417-011},
	year = 2018,
	publisher = {{SciPy}},
	author = {Project Jupyter and Matthias Bussonnier and Jessica Forde and Jeremy Freeman and Brian Granger and Tim Head and Chris Holdgraf and Kyle Kelley and Gladys Nalvarte and Andrew Osheroff and M Pacer and Yuvi Panda and Fernando Perez and Benjamin Ragan-Kelley and Carol Willing},
	title = {Binder 2.0 - Reproducible, interactive, sharable environments for science at scale},
	booktitle = {Proceedings of the 17th Python in Science Conference}
}

@article{konkol2019depth,
  doi = {10.1080/15230406.2018.1512421},
	url = {https://doi.org/10.1080%2F15230406.2018.1512421},
	year = 2018,
	publisher = {Informa {UK} Limited},
	volume = {46},
	number = {5},
	pages = {412--427},
	author = {Markus Konkol and Christian Kray},
	title = {In-depth examination of spatiotemporal figures in open reproducible research},
	journal = {Cartography and Geographic Information Science}
}

@article{stodden2016enhancing,
  doi = {10.1126/science.aah6168},
	url = {https://doi.org/10.1126%2Fscience.aah6168},
	year = 2016,
	publisher = {American Association for the Advancement of Science ({AAAS})},
	volume = {354},
	number = {6317},
	pages = {1240--1241},
	author = {V. Stodden and M. McNutt and D. H. Bailey and E. Deelman and Y. Gil and B. Hanson and M. A. Heroux and J. P. A. Ioannidis and M. Taufer},
	title = {Enhancing reproducibility for computational methods},
	journal = {Science}
}

@article{barnes2010publish,
  doi = {10.1038/467753a},
	url = {https://doi.org/10.1038%2F467753a},
	year = 2010,
	publisher = {Springer Science and Business Media {LLC}},
	volume = {467},
	number = {7317},
	pages = {753--753},
	author = {Nick Barnes},
	title = {Publish your computer code: it is good enough},
	journal = {Nature}
}

@article{barba2018terminologies,
    title={Terminologies for Reproducible Research},
    author={Lorena A. Barba},
    year={2018},
    eprint={1802.03311},
    archivePrefix={arXiv},
}

@misc{marwick2015computers, 
  title={The Conversation}, 
  url={https://theconversation.com/how-computers-broke-science-and-what-we-can-do-to-fix-it-49938}, 
  journal={The Conversation}, 
  author={Marwick, Ben}, 
  year={2015}, 
  month={Nov},
  urldate = {2019-12-19}
}

@article{donoho2010invitation,
  doi = {10.1093/biostatistics/kxq028},
	url = {https://doi.org/10.1093%2Fbiostatistics%2Fkxq028},
	year = 2010,
	publisher = {Oxford University Press ({OUP})},
	volume = {11},
	number = {3},
	pages = {385--388},
	author = {D. L. Donoho},
	title = {An invitation to reproducible computational research},
	journal = {Biostatistics}
}

@article{nust2018reproducible,
  doi = {10.7717/peerj.5072},
	url = {https://doi.org/10.7717%2Fpeerj.5072},
	year = 2018,
	publisher = {{PeerJ}},
	volume = {6},
	pages = {e5072},
	author = {Daniel Nüst and Carlos Granell and Barbara Hofer and Markus Konkol and Frank O. Ostermann and Rusne Sileryte and Valentina Cerutti},
	title = {Reproducible research and {GIScience}: an evaluation using {AGILE} conference papers},
	journal = {{PeerJ}}
}

@article{stagge2019assessing,
  doi = {10.1038/sdata.2019.30},
	url = {https://doi.org/10.1038%2Fsdata.2019.30},
	year = 2019,
	publisher = {Springer Science and Business Media {LLC}},
	volume = {6},
	number = {1},
	author = {James H. Stagge and David E. Rosenberg and Adel M. Abdallah and Hadia Akbar and Nour A. Attallah and Ryan James},
	title = {Assessing data availability and research reproducibility in hydrology and water resources},
	journal = {Scientific Data}
}

@article{chen2019open,
  url = {https://doi.org/10.1038/s41567-018-0342-2},
  doi = {10.1038/s41567-018-0342-2},
  title={Open is not enough},
  author={Chen, Xiaoli and Dallmeier-Tiessen, S{\"u}nje and Dasler, Robin and Feger, Sebastian and Fokianos, Pamfilos and Gonzalez, Jose Benito and Hirvonsalo, Harri and Kousidis, Dinos and Lavasa, Artemis and Mele, Salvatore and others},
  journal={Nature Physics},
  volume={15},
  number={2},
  pages={113--119},
  year={2018},
  publisher={Nature Publishing Group}
}

@article{konkol2019computational,
 doi = {10.1080/13658816.2018.1508687},
	url = {https://doi.org/10.1080%2F13658816.2018.1508687},
	year = 2018,
	publisher = {Informa {UK} Limited},
	volume = {33},
	number = {2},
	pages = {408--429},
	author = {Markus Konkol and Christian Kray and Max Pfeiffer},
	title = {Computational reproducibility in geoscientific papers: Insights from a series of studies with geoscientists and a reproduction study},
	journal = {International Journal of Geographical Information Science}
}

@book{national2019reproducibility,
  title={Reproducibility and replicability in science},
  author={National Academies of Sciences, Engineering, and Medicine and others},
  year={2019},
  publisher={National Academies Press}
}

@article{herndon2014does,
  doi = {10.1093/cje/bet075},
	url = {https://doi.org/10.1093%2Fcje%2Fbet075},
	year = 2013,
	publisher = {Oxford University Press ({OUP})},
	volume = {38},
	number = {2},
	pages = {257--279},
	author = {T. Herndon and M. Ash and R. Pollin},
	title = {Does high public debt consistently stifle economic growth? A critique of Reinhart and Rogoff},
	journal = {Cambridge Journal of Economics}
}

@article{morin2012shining,
  doi = {10.1126/science.1218263},
	url = {https://doi.org/10.1126%2Fscience.1218263},
	year = 2012,
	publisher = {American Association for the Advancement of Science ({AAAS})},
	volume = {336},
	number = {6078},
	pages = {159--160},
	author = {A. Morin and J. Urban and P. D. Adams and I. Foster and A. Sali and D. Baker and P. Sliz},
	title = {Shining Light into Black Boxes},
	journal = {Science}
}

@book{bailey2016facilitating,
  doi = {10.1002/9781118865064.ch9},
	url = {https://doi.org/10.1002%2F9781118865064.ch9},
	year = 2016,
	publisher = {John Wiley {\&} Sons, Inc.},
	pages = {205--231},
	author = {David H. Bailey and Jonathan M. Borwein and Victoria Stodden},
	title = {Facilitating Reproducibility in Scientific Computing: Principles and Practice},
	booktitle = {Reproducibility: Principles, Problems, Practices, and Prospects}
}

@article{powers2019open,
  doi = {10.1002/eap.1822},
	url = {https://doi.org/10.1002%2Feap.1822},
	year = 2018,
	publisher = {Wiley},
	volume = {29},
	number = {1},
	pages = {e01822},
	author = {Stephen M. Powers and Stephanie E. Hampton},
	title = {Open science, reproducibility, and transparency in ecology},
	journal = {Ecological Applications}
}

@article{piwowar2007sharing,
  doi = {10.1038/npre.2007.361},
	url = {https://doi.org/10.1038%2Fnpre.2007.361},
	year = 2007,
	publisher = {Springer Nature},
	author = {Heather Piwowar and Heather Piwowar},
	title = {Sharing Detailed Research Data Is Associated with Increased Citation Rate},
	journal = {Nature Precedings}
}

@book{hrynaszkiewicz2019publishers,
  doi = {10.1007/164_2019_290},
	url = {https://doi.org/10.1007%2F164_2019_290},
	year = 2019,
	publisher = {Springer Berlin Heidelberg},
	author = {Iain Hrynaszkiewicz},
	title = {Publishers' Responsibilities in Promoting Data Quality and Reproducibility},
	booktitle = {Handbook of Experimental Pharmacology}
}

@article{stark2018before,
  doi = {10.1038/d41586-018-05256-0},
	url = {https://doi.org/10.1038%2Fd41586-018-05256-0},
	year = 2018,
	publisher = {Springer Science and Business Media {LLC}},
	volume = {557},
	number = {7707},
	pages = {613--613},
	author = {Philip B. Stark},
	title = {Before reproducibility must come preproducibility},
	journal = {Nature}
}

@article{munafo2017manifesto,
  title={A manifesto for reproducible science},
  author={Munaf{\`o}, Marcus R and Nosek, Brian A and Bishop, Dorothy VM and Button, Katherine S and Chambers, Christopher D and Du Sert, Nathalie Percie and Simonsohn, Uri and Wagenmakers, Eric-Jan and Ware, Jennifer J and Ioannidis, John PA},
  journal={Nature human behaviour},
  volume={1},
  number={1},
  pages={0021},
  year={2017},
  publisher={Nature Publishing Group}
}

@article{wolstencroft2013taverna,
  doi = {10.1093/nar/gkt328},
	url = {https://doi.org/10.1093/nar/gkt328},
	year = 2013,
	publisher = {Oxford University Press ({OUP})},
	volume = {41},
	number = {W1},
	pages = {W557--W561},
	author = {Katherine Wolstencroft and Robert Haines and Donal Fellows and Alan Williams and David Withers and Stuart Owen and Stian Soiland-Reyes and Ian Dunlop and Aleksandra Nenadic and Paul Fisher and Jiten Bhagat and Khalid Belhajjame and Finn Bacall and Alex Hardisty and Abraham Nieva de la Hidalga and Maria P. Balcazar Vargas and Shoaib Sufi and Carole Goble},
	title = {The Taverna workflow suite: designing and executing workflows of Web Services on the desktop, web or in the cloud},
	journal = {Nucleic Acids Research}
}

@article{rule2019ten,
  doi = {10.1371/journal.pcbi.1007007},
	url = {https://doi.org/10.1371%2Fjournal.pcbi.1007007},
	year = 2019,
	publisher = {Public Library of Science ({PLoS})},
	volume = {15},
	number = {7},
	pages = {e1007007},
	author = {Adam Rule and Amanda Birmingham and Cristal Zuniga and Ilkay Altintas and Shih-Cheng Huang and Rob Knight and Niema Moshiri and Mai H. Nguyen and Sara Brin Rosenthal and Fernando P{\'{e}}rez and Peter W. Rose},
	editor = {Fran Lewitter},
	title = {Ten simple rules for writing and sharing computational analyses in Jupyter Notebooks},
	journal = {{PLOS} Computational Biology}
}

@misc{sandve2013ten,
  doi = {10.1371/journal.pcbi.1003285},
	url = {https://doi.org/10.1371%2Fjournal.pcbi.1003285},
	year = 2013,
	publisher = {Public Library of Science ({PLoS})},
	volume = {9},
	number = {10},
	pages = {e1003285},
	author = {Geir Kjetil Sandve and Anton Nekrutenko and James Taylor and Eivind Hovig},
	editor = {Philip E. Bourne},
	title = {Ten Simple Rules for Reproducible Computational Research},
	journal = {{PLoS} Computational Biology}
}

@article{greenbaum2017structuring,
  doi = {10.1186/s13059-017-1205-3},
	url = {https://doi.org/10.1186%2Fs13059-017-1205-3},
	year = 2017,
	publisher = {Springer Nature},
	volume = {18},
	number = {1},
	author = {Dov Greenbaum and Joel Rozowsky and Victoria Stodden and Mark Gerstein},
	title = {Structuring supplemental materials in support of reproducibility},
	journal = {Genome Biology}
}

@article{markowetz2015five,
  doi = {10.1186/s13059-015-0850-7},
	url = {https://doi.org/10.1186%2Fs13059-015-0850-7},
	year = 2015,
	publisher = {Springer Science and Business Media {LLC}},
	volume = {16},
	number = {1},
	author = {Florian Markowetz},
	title = {Five selfish reasons to work reproducibly},
	journal = {Genome Biology}
}

@article{gentleman2007statistical,
  doi = {10.1198/106186007x178663},
	url = {https://doi.org/10.1198%2F106186007x178663},
	year = 2007,
	publisher = {Informa {UK} Limited},
	volume = {16},
	number = {1},
	pages = {1--23},
	author = {Robert Gentleman and Duncan Temple Lang},
	title = {Statistical Analyses and Reproducible Research},
	journal = {Journal of Computational and Graphical Statistics}
}

@article{bechhofer2010research,
  doi = {10.1038/npre.2010.4626.1},
	url = {https://doi.org/10.1038%2Fnpre.2010.4626.1},
	year = 2010,
	publisher = {Springer Science and Business Media {LLC}},
	author = {Sean Bechhofer and David De Roure and Matthew Gamble and Carole Goble and Iain Buchan},
	title = {Research Objects: Towards Exchange and Reuse of Digital Knowledge},
	journal = {Nature Precedings}
}

@article{Boettiger2015,
  doi = {10.1145/2723872.2723882},
	url = {https://doi.org/10.1145%2F2723872.2723882},
	year = 2015,
	publisher = {Association for Computing Machinery ({ACM})},
	volume = {49},
	number = {1},
	pages = {71--79},
	author = {Carl Boettiger},
	title = {An introduction to Docker for reproducible research},
	journal = {{ACM} {SIGOPS} Operating Systems Review}
} 

@article{howe2012,
  doi = {10.1109/mcse.2012.62},
	url = {https://doi.org/10.1109%2Fmcse.2012.62},
	year = 2012,
	publisher = {Institute of Electrical and Electronics Engineers ({IEEE})},
	volume = {14},
	number = {4},
	pages = {36--41},
	author = {Bill Howe},
	title = {Virtual Appliances, Cloud Computing, and Reproducible Research},
	journal = {Computing in Science {\&} Engineering}
}

@article{nust2019containerit,
  doi = {10.21105/joss.01603},
	url = {https://doi.org/10.21105%2Fjoss.01603},
	year = 2019,
	publisher = {The Open Journal},
	volume = {4},
	number = {40},
	pages = {1603},
	author = {Daniel Nüst and Matthias Hinz},
	title = {containerit: Generating Dockerfiles for reproducible research with R},
	journal = {Journal of Open Source Software}
}

@misc{edzer2013, 
  title={Earth and Planetary Innovation Challenge}, 
  url={http://pebesma.staff.ifgi.de/epic.pdf}, 
  journal={Earth and Planetary Innovation Challenge}, 
  publisher={Elsevier}, 
  author={Pebesma, Edzer}, 
  year={2013}, 
  month={Oct},
  urldate={2019-12-19}
}

@article{knuth1984literate,
  doi = {10.1093/comjnl/27.2.97},
	url = {https://doi.org/10.1093%2Fcomjnl%2F27.2.97},
	year = 1984,
	publisher = {Oxford University Press ({OUP})},
	volume = {27},
	number = {2},
	pages = {97--111},
	author = {D. E. Knuth},
	title = {Literate Programming},
	journal = {The Computer Journal}
}

@inproceedings{kluyver2016jupyter,
  title={Jupyter Notebooks-a publishing format for reproducible computational workflows.},
  author={Kluyver, Thomas and Ragan-Kelley, Benjamin and P{\'e}rez, Fernando and Granger, Brian E and Bussonnier, Matthias and Frederic, Jonathan and Kelley, Kyle and Hamrick, Jessica B and Grout, Jason and Corlay, Sylvain and others},
  booktitle={Proceedings of the 20th International Conference on Electronic Publishing},
  pages={87--90},
  year={2016}
}

@article{baumer2014r,
  title={R Markdown: Integrating a reproducible analysis tool into introductory statistics},
  author={Baumer, Ben and Cetinkaya-Rundel, Mine and Bray, Andrew and Loi, Linda and Horton, Nicholas J},
  journal={arXiv preprint arXiv:1402.1894},
  year={2014}
}

@article{stodden2008legal,
  doi = {10.1109/mcse.2009.19},
	url = {https://doi.org/10.1109%2Fmcse.2009.19},
	year = 2009,
	publisher = {Institute of Electrical and Electronics Engineers ({IEEE})},
	volume = {11},
	number = {1},
	pages = {35--40},
	author = {Victoria Stodden},
	title = {The Legal Framework for Reproducible Scientific Research: Licensing and Copyright},
	journal = {Computing in Science {\&} Engineering}
}

@inproceedings{ahn2013overcoming,
 author = {Ahn, Dong H. and Lee, Gregory L. and Gopalakrishnan, Ganesh and Rakamari\'{c}, Zvonimir and Schulz, Martin and Laguna, Ignacio},
 title = {Overcoming Extreme-scale Reproducibility Challenges Through a Unified, Targeted, and Multilevel Toolset},
 booktitle = {Proceedings of the 1st International Workshop on Software Engineering for High Performance Computing in Computational Science and Engineering},
 series = {SE-HPCCSE '13},
 year = {2013},
 isbn = {978-1-4503-2499-1},
 location = {Denver, Colorado},
 pages = {41--44},
 numpages = {4},
 url = {http://doi.acm.org/10.1145/2532352.2532357},
 doi = {10.1145/2532352.2532357},
 acmid = {2532357},
 publisher = {ACM},
 address = {New York, NY, USA},
}

@article{chitre2018editorial,
  doi = {10.1109/joe.2018.2848058},
	url = {https://doi.org/10.1109%2Fjoe.2018.2848058},
	year = 2018,
	publisher = {Institute of Electrical and Electronics Engineers ({IEEE})},
	volume = {43},
	number = {3},
	pages = {560--562},
	author = {Mandar Chitre},
	title = {Editorial On Writing Reproducible and Interactive Papers},
	journal = {{IEEE} Journal of Oceanic Engineering}
}

@article{lewis2018replication,
  title={Replication Study: Transcriptional amplification in tumor cells with elevated c-Myc},
  author={Lewis, L Michelle and Edwards, Meredith C and Meyers, Zachary R and Talbot Jr, C Conover and Hao, Haiping and Blum, David and others},
  journal={Cancer Biology},
  volume={7},
  pages={e30274},
  year={2018},
  publisher={eLife Sciences Publications Limited},
  doi={10.7554/eLife.30274},
  url={https://doi.org/10.7554/eLife.30274}
}

@inproceedings{ide2015language,
author="Ide, Nancy
and Suderman, Keith
and Verhagen, Marc
and Pustejovsky, James",
editor="Murakami, Yohei
and Lin, Donghui",
title="The Language Application Grid Web Service Exchange Vocabulary",
booktitle="Worldwide Language Service Infrastructure",
year="2016",
publisher="Springer International Publishing",
address="Cham",
pages="18--32",
doi="10.1007/978-3-319-31468-6_2",
url="https://doi.org/10.1007/978-3-319-31468-6_2"
}

@techreport{prelipcean2019physics,
  title={Physics Examples for Reproducible Analysis},
  author={Prelipcean, Daniel},
  year={2019},
  publisher={CERN},
  url={https://cds.cern.ch/record/2690231}
}

@inproceedings{chirigati2016data,
  doi = {10.1145/2882903.2915245},
	url = {https://doi.org/10.1145%2F2882903.2915245},
	year = 2016,
	publisher = {{ACM} Press},
	author = {Fernando Chirigati and Harish Doraiswamy and Theodoros Damoulas and Juliana Freire},
	title = {Data Polygamy},
	booktitle = {Proceedings of the 2016 International Conference on Management of Data - {SIGMOD} {\textquotesingle}16}
}

@article{himmelstein2018sci,
  doi = {10.7554/elife.32822},
	url = {https://doi.org/10.7554%2Felife.32822},
	year = 2018,
	publisher = {{eLife} Sciences Publications, Ltd},
	volume = {7},
	author = {Daniel S Himmelstein and Ariel Rodriguez Romero and Jacob G Levernier and Thomas Anthony Munro and Stephen Reid McLaughlin and Bastian Greshake Tzovaras and Casey S Greene},
	title = {Sci-Hub provides access to nearly all scholarly literature},
	journal = {{eLife}}
}

  @inproceedings{chirigati2016reprozip,
  title={Reprozip: Computational reproducibility with ease},
  author={Chirigati, Fernando and Rampin, R{\'e}mi and Shasha, Dennis and Freire, Juliana},
  booktitle={Proceedings of the 2016 International Conference on Management of Data},
  pages={2085--2088},
  year={2016},
  organization={ACM},
  url = {https://doi.org/10.1145/2882903.2899401}
}

@article{rampin2018reproserver,
  title={ReproServer: Making Reproducibility Easier and Less Intensive},
  author={Rampin, Remi and Chirigati, Fernando and Steeves, Vicky and Freire, Juliana},
  journal={arXiv preprint arXiv:1808.01406},
  year={2018}
}

@article{eglen2019,
  title={CODECHECK: An open-science initiative to facilitate sharing of computer programs and results presented in scientific publications},
  author={Stephen Eglen and Nüst, Daniel},
  year={2019},
  url={https://doi.org/10.7557/5.4910},
  doi={10.7557/5.4910},
  journal={The 14th Munin Conference on Scholarly Publishing}
}

@misc{nuest2019agile, 
  title={AGILE Reproducible Paper Guidelines}, 
  author={Nüst, Daniel and Frank O Ostermann and Rusne Sileryte and Barbara Hofer and Carlos Granell and Marta Teperek and Anita Graser and Karl W Broman, and Kristina M Hettne}, 
  year={2019},
  urldate = {2019-12-19},
  doi={10.17605/OSF.IO/CB7Z8},
  url = {https://doi.org/10.17605/OSF.IO/CB7Z8},
}

@article{Perkel_2019,
	doi = {10.1038/d41586-019-03366-x},
	url = {https://doi.org/10.1038%2Fd41586-019-03366-x},
	year = 2019,
	month = {nov},
	publisher = {Springer Science and Business Media {LLC}},
	volume = {575},
	number = {7781},
	pages = {247--248},
	author = {Jeffrey M. Perkel},
	title = {Make code accessible with these cloud services},
	journal = {Nature}
}

@article{Park_2019,
	doi = {10.1016/j.joi.2019.03.005},
	url = {https://doi.org/10.1016%2Fj.joi.2019.03.005},
	year = 2019,
	month = {may},
	publisher = {Elsevier {BV}},
	volume = {13},
	number = {2},
	pages = {574--582},
	author = {Hyoungjoo Park and Dietmar Wolfram},
	title = {Research software citation in the Data Citation Index: Current practices and implications for research software sharing and reuse},
	journal = {Journal of Informetrics}
}

@article{Fenner_2016,
	doi = {10.1101/097196},
	url = {https://doi.org/10.1101%2F097196},
	year = 2016,
	month = {dec},
	publisher = {Cold Spring Harbor Laboratory},
	author = {Martin Fenner and Merc{\`{e}} Crosas and Jeffrey Grethe and David Kennedy and Henning Hermjakob and Philippe Rocca-Serra and Gustavo Durand and Robin Berjon and Sebastian Karcher and Maryann Martone and Timothy Clark},
	title = {A Data Citation Roadmap for Scholarly Data Repositories}
}

  @article{Gr_ning_2018,
	doi = {10.1016/j.cels.2018.03.014},
	url = {https://doi.org/10.1016%2Fj.cels.2018.03.014},
	year = 2018,
	month = {jun},
	publisher = {Elsevier {BV}},
	volume = {6},
	number = {6},
	pages = {631--635},
	author = {Björn Grüning and John Chilton and Johannes Köster and Ryan Dale and Nicola Soranzo and Marius van den Beek and Jeremy Goecks and Rolf Backofen and Anton Nekrutenko and James Taylor},
	title = {Practical Computational Reproducibility in the Life Sciences},
	journal = {Cell Systems}
}